<?xml version="1.0" encoding="UTF-8"?><collection xmlns="http://www.loc.gov/MARC21/slim"><record><leader>00442nam--2200145-i-4500</leader><controlfield tag="001">000014244</controlfield><controlfield tag="002">20161230</controlfield><controlfield tag="005">20161230201030</controlfield><controlfield tag="008">060222s1000------------r-----000-0-eng-d</controlfield><datafield ind1=" " ind2=" " tag="080"><subfield code="a">615.849:621.039.85</subfield></datafield><datafield ind1=" " ind2=" " tag="100"><subfield code="a">Bogl, Werner /S.A.</subfield></datafield><datafield ind1=" " ind2=" " tag="245"><subfield code="a">Analytikk radiochemischer verunreinigungen in radiiopharmaka. eine zusammenstellung von ver fahren</subfield></datafield><datafield ind1=" " ind2=" " tag="260"><subfield code="a">Berlin, Dietrich Reimer Verlag, 1979</subfield></datafield><datafield ind1=" " ind2=" " tag="490"><subfield code="a">Sth, Berichte, 9</subfield></datafield><datafield ind1=" " ind2=" " tag="852"><subfield code="a">70255</subfield></datafield></record></collection>